@book{thread_pool,
    author = {{Garg, Rajat P. \& Sharapov, Ilya}},
    title = {{Techniques for Optimizing Applications - High Performance Computing}},
    publisher = {{Prentice-Hall}},
    year = {2002}
}

@book{horizontal_scaling,
    author = {{Hesham El-Rewini and Mostafa Abd-El-Barr}},
    title = {{Advanced Computer Architecture and Parallel Processing}},
    publisher = {{John Wiley \& Sons}},
    year = {2005}
}

@misc{apache,
    title = {{Apache HTTP Server}},
    howpublished = {\url{https://httpd.apache.org/}},
    note = {Accessed: 2019-12-21}
}

@misc{iis,
    title = {{Microsoft Internet Information Services}},
    howpublished = {\url{https://www.iis.net/}},
    note = {Accessed: 2019-12-21}
}

@misc{nginx,
    title = {{NGINX | High Performance Load Balancer, Web Server \& Reverse Proxy}},
    howpublished = {\url{https://www.nginx.com/}},
    note = {Accessed: 2019-12-21}
}

@misc{nodejs,
    title = {{Node.js}},
    howpublished = {\url{https://nodejs.org/}},
    note = {Accessed: 2019-12-21}
}

@misc{jsconf,
    title = {{Ryan Dahl at JSConf EU 2009}},
    howpublished = {\url{https://www.jsconf.eu/2009/speaker/speakers_selected.html}},
    note = {Accessed: 2019-12-21}
}

@misc{c10k,
    title = {{The C10K problem}},
    howpublished = {\url{http://www.kegel.com/c10k.html}},
    note = {Accessed: 2019-12-21}
}

@misc{v8,
    title = {{V8 JavaScript engine}},
    howpublished = {\url{https://v8.dev/}},
    note = {Accessed: 2019-12-21}
}

@book{nodejs_structure,
    author = {{Pedro Teixeira}},
    title = {{Techniques for Optimizing Applications - High Performance Computing}},
    publisher = {{John Wiley \& Sons}},
    year = {2012}
}

@misc{typescript,
    title = {{ TypeScript is a superset of JavaScript that compiles to clean JavaScript output.: microsoft/TypeScript}},
    howpublished = {\url{https://github.com/microsoft/TypeScript}},
    note = {Accessed: 2019-12-21}
}

@misc{mvc_smalltalk,
    author = {{Burbeck, Steve}},
    title = {{ Applications Programming in Smalltalk-80:How to use Model–View–Controller (MVC)}},
    year = {1992}
}

@misc{mvc_controller,
    title = {{Simple Example of MVC (Model–View–Controller) Architectural Pattern for Abstraction}},
    howpublished = {\url{https://www.codeproject.com/Articles/25057/Simple-Example-of-MVC-Model-View-Controller-Design}},
    note = {Accessed: 2019-12-21}
}

@book{mvc_relationship,
    author = {{Frank Buschmann}},
    title = {{Pattern-Oriented Software Architecture.}},
    publisher = {{Wiley}},
    year = {1995}
}

@book{microservices,
    author = {{Jamshidi, P.; Pahl, C.; Mendonça, N. C.; Lewis, J.; Tilkov, S.}},
    title = {{Microservices: The Journey So Far and Challenges Ahead}},
    publisher = {{IEEE Software}},
    year = {2018}
}

@book{microservices_newman,
    author = {{Sam Newman}},
    title = {{Building Microservices}},
    publisher = {{O'Reilly Media}},
    year = {2015}
}

@article{microservices_ieee,
    author = {{Chen, Lianping}},
    title = {{Microservices: Architecting for Continuous Delivery and DevOps}},
    journal = {{The IEEE International Conference on Software Architecture (ICSA 2018)}},
    year = {2018}
}
